<record xmlns="http://www.loc.gov/MARC21/slim" xmlns:xsi="http://www.w3.org/2001/XMLSchema-instance" xsi:schemaLocation="http://www.loc.gov/MARC21/slim http://www.loc.gov/standards/marcxml/schema/MARC21slim.xsd"><leader>02454nam a2200409   4500</leader><controlfield tag="001">001682798</controlfield><controlfield tag="003">NNU</controlfield><controlfield tag="006">m        d        </controlfield><controlfield tag="007">cr cn |||m|||a</controlfield><controlfield tag="008">150223m19559999sy      o     000 0 ara d</controlfield><datafield ind1=" " ind2=" " tag="040"><subfield code="a">NNU</subfield><subfield code="b">eng</subfield><subfield code="c">NNU</subfield></datafield><datafield ind1=" " ind2="4" tag="050"><subfield code="a">PJ7510</subfield><subfield code="b">.T35</subfield></datafield><datafield ind1="1" ind2=" " tag="100"><subfield code="6">880-01</subfield><subfield code="a">T&#803;ara&#772;bulusi&#772;, Amjad,</subfield><subfield code="d">1918-</subfield></datafield><datafield ind1="1" ind2="0" tag="245"><subfield code="6">880-02</subfield><subfield code="a">Naz&#803;rah ta&#772;ri&#772;khi&#772;yah fi&#772; h&#803;arakat al-ta&#700;li&#772;f &#699;inda al-&#699;Arab</subfield><subfield code="h">[electronic resource] :</subfield><subfield code="b">fi&#772; al-lughat wa al-Adab wa al-Ta&#772;ri&#772;kh wa al-Jughra&#772;fiya&#772; /</subfield><subfield code="c">Amjad al-T&#803;ara&#772;bulusi&#772;.</subfield></datafield><datafield ind1=" " ind2=" " tag="260"><subfield code="6">880-03</subfield><subfield code="a">[Dimashq]</subfield><subfield code="b">Mat&#803;ba&#699;at al-Ja&#772;mi&#699;ah al-Su&#772;ri&#772;yah,</subfield><subfield code="c">1955-.</subfield></datafield><datafield ind1=" " ind2=" " tag="300"><subfield code="a">online resource (v.)</subfield></datafield><datafield ind1="1" ind2=" " tag="490"><subfield code="6">880-04</subfield><subfield code="a">Duru&#772;s wa-muh&#803;a&#772;d&#803;ara&#772;t bi-kili&#772;yat al-A&#772;da&#772;b;</subfield><subfield code="v">His 2</subfield></datafield><datafield ind1=" " ind2=" " tag="500"><subfield code="a">Part of the Arabic Collections Online (ACO) project, contributed by New York Univeristy Libraries.</subfield></datafield><datafield ind1=" " ind2=" " tag="504"><subfield code="a">Bibliography: v. 1, p. [184]-[189]</subfield></datafield><datafield ind1="1" ind2=" " tag="505"><subfield code="a">Juz&#700; 1. al-Lughah wa-al-adab-</subfield></datafield><datafield ind1=" " ind2=" " tag="533"><subfield code="a">Electronic reproduction.</subfield><subfield code="b">New York, N.Y. :</subfield><subfield code="c">New York University,</subfield><subfield code="d">2015.</subfield><subfield code="5">NNU</subfield></datafield><datafield ind1=" " ind2="0" tag="650"><subfield code="a">Arabic literature</subfield><subfield code="x">History and criticism.</subfield></datafield><datafield ind1=" " ind2="7" tag="650"><subfield code="a">Arabic literature.</subfield><subfield code="2">fast</subfield><subfield code="0">(OCoLC)fst00812478</subfield></datafield><datafield ind1=" " ind2="7" tag="655"><subfield code="a">Criticism, interpretation, etc.</subfield><subfield code="2">fast</subfield><subfield code="0">(OCoLC)fst01411635</subfield></datafield><datafield ind1="2" ind2=" " tag="710"><subfield code="a">New York University.</subfield><subfield code="b">Libraries.</subfield></datafield><datafield ind1="0" ind2=" " tag="730"><subfield code="a">Arabic Collections Online.</subfield></datafield><datafield ind1="0" ind2="8" tag="776"><subfield code="i">Online version:</subfield><subfield code="a">T&#803;ara&#772;bulusi&#772;, Amjad, 1918-</subfield><subfield code="t">Naz&#803;rah ta&#772;ri&#772;khi&#772;yah fi&#772; h&#803;arakat al-ta&#700;li&#772;f &#699;inda al-&#699;Arab.</subfield><subfield code="d">[Damascus] Mat&#803;ba&#699;at al-Ja&#772;mi&#699;ah al-Su&#772;ri&#772;yah, 1955-</subfield><subfield code="w">(OCoLC)586477576</subfield></datafield><datafield ind1="0" ind2="8" tag="776"><subfield code="i">Print version:</subfield><subfield code="a">T&#803;ara&#772;bulusi&#772;, Amjad, 1918-</subfield><subfield code="t">Naz&#803;rah ta&#772;ri&#772;khi&#772;yah fi&#772; h&#803;arakat al-ta&#700;li&#772;f &#699;inda al-&#699;Arab</subfield><subfield code="w">(NNU)001682798</subfield><subfield code="w">(DLC)ne 68001865</subfield></datafield><datafield ind1="4" ind2="0" tag="856"><subfield code="u">http://hdl.handle.net/2333.1/189321kk</subfield></datafield><datafield ind1="1" ind2=" " tag="880"><subfield code="6">100-01/</subfield><subfield code="a">&#1591;&#1585;&#1575;&#1576;&#1604;&#1587;&#1610;&#1548; &#1575;&#1605;&#1580;&#1583;&#1548;</subfield><subfield code="d">1918-</subfield></datafield><datafield ind1="1" ind2="0" tag="880"><subfield code="6">245-02/</subfield><subfield code="a">&#1606;&#1592;&#1585;&#1577; &#1578;&#1575;&#1585;&#1610;&#1582;&#1610;&#1577; &#1601;&#1610; &#1581;&#1585;&#1603;&#1577; &#1575;&#1604;&#1578;&#1571;&#1604;&#1610;&#1601; &#1593;&#1606;&#1583; &#1575;&#1604;&#1593;&#1585;&#1576;&#1548;</subfield><subfield code="b">&#1601;&#1610; &#1575;&#1604;&#1604;&#1594;&#1577; &#1608; &#1575;&#1604;&#1571;&#1583;&#1576; &#1608; &#1575;&#1604;&#1578;&#1575;&#1585;&#1610;&#1582; &#1608; &#1575;&#1604;&#1580;&#1594;&#1585;&#1575;&#1601;&#1610;&#1575; /</subfield><subfield code="c">&#1575;&#1605;&#1580;&#1583; &#1575;&#1604;&#1591;&#1585;&#1575;&#1576;&#1604;&#1587;&#1610;.</subfield></datafield><datafield ind1=" " ind2=" " tag="880"><subfield code="6">260-03/</subfield><subfield code="a">[&#1583;&#1605;&#1588;&#1602;]</subfield><subfield code="b">&#1605;&#1591;&#1576;&#1593;&#1577; &#1575;&#1604;&#1580;&#1575;&#1605;&#1593;&#1577; &#1575;&#1604;&#1587;&#1608;&#1585;&#1610;&#1577;&#1548;</subfield><subfield code="c">1955-.</subfield></datafield><datafield ind1="1" ind2=" " tag="880"><subfield code="6">490-04/</subfield><subfield code="a">&#1583;&#1585;&#1608;&#1587; &#1608;&#1605;&#1581;&#1575;&#1590;&#1585;&#1575;&#1578; &#1576;&#1603;&#1604;&#1610;&#1577; &#1575;&#1604;&#1575;&#1583;&#1575;&#1576;&#1563;</subfield><subfield code="v">His 2</subfield></datafield><datafield ind1=" " ind2="0" tag="830"><subfield code="6">880-05</subfield><subfield code="a">Duru&#772;s wa-muh&#803;a&#772;d&#803;ara&#772;t bi-kili&#772;yat al-A&#772;da&#772;b;</subfield><subfield code="v">His 2.</subfield></datafield><datafield ind1=" " ind2="0" tag="880"><subfield code="6">830-05/</subfield><subfield code="a">&#1583;&#1585;&#1608;&#1587; &#1608;&#1605;&#1581;&#1575;&#1590;&#1585;&#1575;&#1578; &#1576;&#1603;&#1604;&#1610;&#1577; &#1575;&#1604;&#1575;&#1583;&#1575;&#1576;&#1563;</subfield><subfield code="v">His 2.</subfield></datafield><datafield ind1=" " ind2=" " tag="959"><subfield code="a">NNU</subfield><subfield code="b">WEB</subfield><subfield code="c">GENI</subfield><subfield code="t">0</subfield><subfield code="m">Electronic access</subfield><subfield code="s">01</subfield></datafield><datafield ind1=" " ind2=" " tag="999"><subfield code="i">NNU_001682798</subfield><subfield code="s">nyu_aco000058:v.1</subfield></datafield></record>